<?xml version="1.0" encoding="UTF-8"?><collection xmlns="http://www.loc.gov/MARC21/slim"><record><leader>00373nam--2200133-i-4500</leader><controlfield tag="001">000025638</controlfield><controlfield tag="002">20161230</controlfield><controlfield tag="005">20161230201036</controlfield><controlfield tag="008">060222s1000------------r-----000-0-eng-d</controlfield><datafield ind1=" " ind2=" " tag="080"><subfield code="a">575.24:621.039.83(061.3)</subfield></datafield><datafield ind1=" " ind2=" " tag="245"><subfield code="a">Improvement of oil-seed and industrial corps by induced mutation</subfield></datafield><datafield ind1=" " ind2=" " tag="260"><subfield code="a">Vienna, I.A.E.A., 1982. 320p</subfield></datafield><datafield ind1=" " ind2=" " tag="490"><subfield code="a">Proceedings Series</subfield></datafield><datafield ind1=" " ind2=" " tag="852"><subfield code="a">70167</subfield></datafield></record></collection>